
@article{chinta2007weyl,
	title = {Weyl group multiple Dirichlet series constructed from quadratic characters},
	volume = {167},
	issn = {1432-1297},
	doi = {10.1007/s00222-006-0014-1},
	pages = {327--353},
	number = {2},
	journal = {Inventiones mathematicae},
	shortjournal = {Invent. math.},
	author = {Chinta, Gautam and Gunnells, Paul E.},
	year = {2007},
	keywords = {Automorphic Form, Dirichlet Series, Eisenstein Series, Functional Equation, Weyl Group},
	file = {Full Text PDF:/Users/henrytwiss/Zotero/storage/G2XA5ZCL/Chinta and Gunnells - 2007 - Weyl group multiple Dirichlet series constructed f.pdf:application/pdf},
}

@book{rosen2002number,
	location = {New York},
	title = {Number theory in function fields},
	isbn = {978-0-387-95335-9},
	series = {Graduate texts in mathematics},
	pagetotal = {358},
	number = {210},
	publisher = {Springer},
	author = {Rosen, Michael I.},
	year = {2002},
	keywords = {Finite fields (Algebra), Number theory},
	file = {Full Text PDF:/Users/henrytwiss/Zotero/storage/FWVEBWJW/Rosen - 2002 - Number theory in function fields.pdf:application/pdf},
}

@book{hormander2000introduction,
	location = {Amsterdam},
	edition = {3., rev. ed., 3. impr},
	title = {An introduction to complex analysis in several variables},
	isbn = {978-3-031-26428-3},
	series = {North-Holland mathematical library},
	pagetotal = {254},
	number = {7},
	publisher = {North-Holland},
	author = {Hörmander, Lars},
	year = {2000},
	file = {Full Text PDF:/Users/henrytwiss/Zotero/storage/TRH4QGPP/978-3-031-26428-3.pdf:application/pdf},
}

@article{chinta2008parts,
	title = {On the p-parts of quadratic Weyl group multiple Dirichlet series},
	volume = {2008},
	issn = {1435-5345},
	doi = {10.1515/CRELLE.2008.070},
	pages = {1--23},
	number = {623},
	journaltitle = {Journal für die reine und angewandte Mathematik},
	author = {Chinta, Gautam and Friedberg, Solomon and Gunnells, Paul E.},
	year = {2008},
	file = {Full Text PDF:/Users/henrytwiss/Zotero/storage/QD8NLI6Z/Chinta et al. - 2008 - On the p-parts of quadratic Weyl group multiple Di.pdf:application/pdf},
}

@book{humphreys1972introduction,
	location = {New York},
	title = {Introduction to Lie algebras and representation theory},
	isbn = {978-0-387-90053-7 978-0-387-90052-0},
	series = {Graduate texts in mathematics},
	pagetotal = {169},
	number = {9},
	publisher = {Springer-Verlag},
	author = {Humphreys, James E.},
	year = {1972},
	keywords = {Lie algebras, Representations of groups, Representations of Lie algebras},
	file = {Full Text PDF:/Users/henrytwiss/Zotero/storage/U7TSURPR/Humphreys - 1972 - Introduction to Lie algebras and representation th.pdf:application/pdf},
}
