@book{hormander2000introduction,
	location = {Amsterdam},
	edition = {3., rev. ed., 3. impr},
	title = {An introduction to complex analysis in several variables},
	isbn = {978-3-031-26428-3},
	series = {North-Holland mathematical library},
	pagetotal = {254},
	number = {7},
	publisher = {North-Holland},
	author = {HÃ¶rmander, Lars},
	year = {2000},
	file = {Full Text PDF:/Users/henrytwiss/Zotero/storage/TRH4QGPP/978-3-031-26428-3.pdf:application/pdf},
}