
@book{rosen2002number,
	location = {New York},
	title = {Number theory in function fields},
	isbn = {978-0-387-95335-9},
	series = {Graduate texts in mathematics},
	pagetotal = {358},
	number = {210},
	publisher = {Springer},
	author = {Rosen, Michael I.},
	date = {2002},
	keywords = {Finite fields (Algebra), Number theory},
	file = {Full Text PDF:/Users/henrytwiss/Zotero/storage/FWVEBWJW/Rosen - 2002 - Number theory in function fields.pdf:application/pdf},
}

@book{hormander2000introduction,
	location = {Amsterdam},
	edition = {3., rev. ed., 3. impr},
	title = {An introduction to complex analysis in several variables},
	isbn = {978-3-031-26428-3},
	series = {North-Holland mathematical library},
	pagetotal = {254},
	number = {7},
	publisher = {North-Holland},
	author = {HÃ¶rmander, Lars},
	date = {2000},
	file = {Full Text PDF:/Users/henrytwiss/Zotero/storage/TRH4QGPP/978-3-031-26428-3.pdf:application/pdf},
}

@book{stanley2023enumerative,
	location = {Cambridge},
	edition = {2},
	title = {Enumerative Combinatorics},
	volume = {2},
	isbn = {978-1-00-926248-4},
	series = {Cambridge Studies in Advanced Mathematics},
	publisher = {Cambridge University Press},
	author = {Stanley, Richard},
	date = {2023},
	file = {Full Text PDF:/Users/henrytwiss/Zotero/storage/KNCR7U4Y/Stanley - 2023 - Enumerative Combinatorics.pdf:application/pdf},
}
