
@book{iwaniec2004analytic,
	address = {Providence, Rhode Island},
	series = {Colloquium publications / {American} {Mathematical} {Society}},
	title = {Analytic number theory},
	isbn = {978-0-8218-3633-0},
	language = {eng},
	number = {volume 53},
	publisher = {American Mathematical Society},
	author = {Iwaniec, Henryk and Kowalski, Emmanuel},
	year = {2004},
	file = {Full Text PDF:/Users/henrytwiss/Zotero/storage/IA3I8AVP/Iwaniec and Kowalski - 2004 - Analytic number theory.pdf:application/pdf},
}

@book{samuel2013algebraic,
	address = {Mineola, New York},
	edition = {Dover edition},
	title = {Algebraic theory of numbers},
	isbn = {978-0-486-46666-8},
	language = {eng},
	publisher = {Dover Publications, Inc},
	author = {Samuel, Pierre},
	translator = {Silberger, Allan J.},
	year = {2008},
	file = {Full Text PDF:/Users/henrytwiss/Zotero/storage/X5WR5HQX/samuel.pdf:application/pdf},
}

@book{deitmar2014principles,
	address = {Cham},
	series = {Universitext},
	title = {Principles of {Harmonic} {Analysis}},
	copyright = {https://www.springernature.com/gp/researchers/text-and-data-mining},
	isbn = {978-3-319-05791-0 978-3-319-05792-7},
	url = {https://link.springer.com/10.1007/978-3-319-05792-7},
	language = {en},
	urldate = {2024-04-01},
	publisher = {Springer International Publishing},
	author = {Deitmar, Anton and Echterhoff, Siegfried},
	year = {2014},
	doi = {10.1007/978-3-319-05792-7},
	keywords = {Abelian Groups, Direct and Indirect Integrals, Fourier Analysis, Harmonic Analysis, Pontryagin Duality, Selberg Trace Formula},
	file = {Full Text PDF:/Users/henrytwiss/Zotero/storage/7FLT5NAG/Deitmar and Echterhoff - 2014 - Principles of Harmonic Analysis.pdf:application/pdf},
}

@book{montgomery1971topics,
	address = {Berlin, Heidelberg},
	series = {Lecture {Notes} in {Mathematics}},
	title = {Topics in {Multiplicative} {Number} {Theory}},
	volume = {227},
	copyright = {http://www.springer.com/tdm},
	isbn = {978-3-540-05641-6 978-3-540-36935-6},
	url = {http://link.springer.com/10.1007/BFb0060851},
	urldate = {2024-04-01},
	publisher = {Springer},
	author = {Montgomery, Hugh L.},
	year = {1971},
	doi = {10.1007/BFb0060851},
	keywords = {arithmetic, boundary element method, character, distribution, form, function, functions, Lemma, Mean value theorem, number theory, Prime, prime number, residue, Sieve, theorem},
	file = {Full Text PDF:/Users/henrytwiss/Zotero/storage/JVTZ2V8V/Montgomery - 1971 - Topics in Multiplicative Number Theory.pdf:application/pdf},
}

@book{apostol1976introduction,
	address = {New York, NY},
	series = {Undergraduate {Texts} in {Mathematics}},
	title = {Introduction to {Analytic} {Number} {Theory}},
	copyright = {http://www.springer.com/tdm},
	isbn = {978-1-4419-2805-4 978-1-4757-5579-4},
	url = {http://link.springer.com/10.1007/978-1-4757-5579-4},
	urldate = {2024-04-01},
	publisher = {Springer},
	author = {Apostol, Tom M.},
	year = {1976},
	doi = {10.1007/978-1-4757-5579-4},
	keywords = {Analytische Zahlentheorie, calculus, number theory, Prime, Prime number, Riemann zeta function},
	file = {Full Text PDF:/Users/henrytwiss/Zotero/storage/FWJ9YBUQ/Apostol - 1976 - Introduction to Analytic Number Theory.pdf:application/pdf},
}

@book{goldfeld2006automorphic,
	address = {Cambridge},
	series = {Cambridge {Studies} in {Advanced} {Mathematics}},
	title = {Automorphic {Forms} and {L}-{Functions} for the {Group} {GL}(n,{R})},
	isbn = {978-0-521-83771-2},
	url = {https://www.cambridge.org/core/books/automorphic-forms-and-lfunctions-for-the-group-glnr/C60CBD7E879EFE61AD406D271B44535C},
	urldate = {2024-04-01},
	publisher = {Cambridge University Press},
	author = {Goldfeld, Dorian},
	year = {2006},
	doi = {10.1017/CBO9780511542923},
	file = {Full Text PDF:/Users/henrytwiss/Zotero/storage/P2DFY4HX/Goldfeld - 2006 - Automorphic Forms and L-Functions for the Group GL.pdf:application/pdf},
}

@book{diamond2005first,
	address = {New York, NY},
	series = {Graduate {Texts} in {Mathematics}},
	title = {A {First} {Course} in {Modular} {Forms}},
	volume = {228},
	isbn = {978-0-387-27226-9},
	url = {http://link.springer.com/10.1007/978-0-387-27226-9},
	language = {en},
	urldate = {2024-04-01},
	publisher = {Springer},
	author = {Diamond, , Fred and Shurman, Jerry},
	year = {2005},
	doi = {10.1007/978-0-387-27226-9},
	keywords = {Abelian variety, algebraic curve, algebraic geometry, Dimension, Grad, number theory},
	file = {Full Text PDF:/Users/henrytwiss/Zotero/storage/SSI2WSDD/2005 - A First Course in Modular Forms.pdf:application/pdf},
}

@book{lang1994algebraic,
	address = {New York, NY},
	series = {Graduate {Texts} in {Mathematics}},
	title = {Algebraic {Number} {Theory}},
	volume = {110},
	copyright = {http://www.springer.com/tdm},
	isbn = {978-1-4612-6922-9 978-1-4612-0853-2},
	url = {http://link.springer.com/10.1007/978-1-4612-0853-2},
	urldate = {2024-04-01},
	publisher = {Springer},
	author = {Lang, Serge},
	year = {1994},
	doi = {10.1007/978-1-4612-0853-2},
	keywords = {algebraic number theory, analytic number theory, number theory, zeta function},
	file = {Full Text PDF:/Users/henrytwiss/Zotero/storage/ZKN2ETP2/Lang - 1994 - Algebraic Number Theory.pdf:application/pdf},
}

@book{deitmar2012automorphic,
	address = {London},
	series = {Universitext},
	title = {Automorphic {Forms}},
	copyright = {https://www.springernature.com/gp/researchers/text-and-data-mining},
	isbn = {978-1-4471-4434-2 978-1-4471-4435-9},
	url = {https://link.springer.com/10.1007/978-1-4471-4435-9},
	language = {en},
	urldate = {2024-04-01},
	publisher = {Springer},
	author = {Deitmar, Anton},
	year = {2012},
	doi = {10.1007/978-1-4471-4435-9},
	keywords = {automorphic L-functions, modular forms, Tate's thesis, tensor product theorem},
	file = {Full Text PDF:/Users/henrytwiss/Zotero/storage/ZKWSHWD3/Deitmar - 2012 - Automorphic Forms.pdf:application/pdf},
}

@book{stein2003complex,
	address = {Princeton Oxford},
	series = {Princeton lectures in analysis / {Elias} {M}. {Stein} \& {Rami} {Shakarchi}},
	title = {Complex analysis},
	isbn = {978-0-691-11385-2},
	language = {eng},
	number = {2},
	publisher = {Princeton University Press},
	author = {Stein, Elias M. and Shakarchi, Rami and Stein, Elias M.},
	year = {2003},
	file = {Full Text PDF:/Users/henrytwiss/Zotero/storage/FKECKSX3/Stein et al. - 2003 - Complex analysis.pdf:application/pdf},
}

@book{serre1973course,
	address = {New York, NY},
	series = {Graduate {Texts} in {Mathematics}},
	title = {A {Course} in {Arithmetic}},
	volume = {7},
	copyright = {http://www.springer.com/tdm},
	isbn = {978-0-387-90041-4 978-1-4684-9884-4},
	url = {http://link.springer.com/10.1007/978-1-4684-9884-4},
	urldate = {2024-04-01},
	publisher = {Springer},
	author = {Serre, Jean-Pierre},
	year = {1973},
	doi = {10.1007/978-1-4684-9884-4},
	keywords = {algebra, arithmetic, Arithmetik, field, finite field, finite group, modular form, quadratic form, ring, zeta function},
	file = {Full Text PDF:/Users/henrytwiss/Zotero/storage/ZQKV3TFF/Serre - 1973 - A Course in Arithmetic.pdf:application/pdf},
}

@article{riemann1859ueber,
	title = {Ueber die {Anzahl} der {Primzahlen} unter einer gegebenen {Grösse}},
	copyright = {https://www.cambridge.org/core/terms},
	url = {https://www.cambridge.org/core/product/identifier/CBO9781139568050A015/type/book_part},
	urldate = {2024-04-01},
	journal = {Monatsberichte der Königlich Preußischen Akademie der Wissenschaften zu Berlin},
	author = {Riemann, Bernhard},
	year = {1859},
	doi = {10.1017/CBO9781139568050.008},
	pages = {671--680},
	file = {Full Text PDF:/Users/henrytwiss/Zotero/storage/GY4QEARF/Ueber_die_Anzahl_der_Primzahlen_unter_einer_gegebenen_Grösse.pdf:application/pdf},
}

@book{remmert1998classical,
	address = {New York, NY},
	series = {Graduate {Texts} in {Mathematics}},
	title = {Classical {Topics} in {Complex} {Function} {Theory}},
	volume = {172},
	copyright = {http://www.springer.com/tdm},
	isbn = {978-0-387-98221-2 978-1-4757-2956-6},
	url = {http://link.springer.com/10.1007/978-1-4757-2956-6},
	language = {en},
	urldate = {2024-04-01},
	publisher = {Springer},
	author = {Remmert, Reinhold},
	year = {1998},
	doi = {10.1007/978-1-4757-2956-6},
	keywords = {analytic function, convergence, gamma function, holomorphic function},
	file = {Full Text PDF:/Users/henrytwiss/Zotero/storage/9IHUH5TT/Remmert - 1998 - Classical Topics in Complex Function Theory.pdf:application/pdf},
}

@book{kilford2015modular,
	address = {Hackensack, NJ},
	edition = {2nd edition},
	title = {Modular forms: a classical and computational introduction},
	isbn = {978-1-78326-545-9},
	shorttitle = {Modular forms},
	publisher = {Imperial College Press},
	author = {Kilford, L. J. P.},
	year = {2015},
	keywords = {Algebraic spaces, Forms, Modular},
	file = {Full Text PDF:/Users/henrytwiss/Zotero/storage/LSE44SBZ/Kilford - 2015 - Modular forms a classical and computational intro.pdf:application/pdf},
}

@article{mordell1917mr,
	title = {On {Mr}. {Ramanujan}'s empirical expansions of modular functions},
	volume = {19},
	issn = {0008-1981},
	language = {English},
	journal = {Proceedings of the Cambridge Philosophical Society},
	author = {Mordell, L. J.},
	year = {1917},
	keywords = {11F20},
	pages = {117--124},
	file = {Full Text PDF:/Users/henrytwiss/Zotero/storage/ZC4Y3BKR/proceedingsofcam1920191721camb.pdf:application/pdf},
}

@inproceedings{deligne1971formes,
	address = {Berlin, Heidelberg},
	title = {Formes modulaires et représentations e-adiques},
	isbn = {978-3-540-36451-1},
	doi = {10.1007/BFb0058810},
	language = {fr},
	booktitle = {Séminaire {Bourbaki} vol. 1968/69 {Exposés} 347-363},
	publisher = {Springer},
	author = {Deligne, Pierre},
	year = {1971},
	pages = {139--172},
	file = {Full Text PDF:/Users/henrytwiss/Zotero/storage/Z6FFUQYC/Deligne - 1971 - Formes modulaires et représentations e-adiques.pdf:application/pdf},
}

@article{deligne1974conjecture,
	title = {La conjecture de {Weil}. {I}},
	volume = {43},
	issn = {1618-1913},
	url = {https://doi.org/10.1007/BF02684373},
	doi = {10.1007/BF02684373},
	language = {fr},
	number = {1},
	urldate = {2024-04-01},
	journal = {Publications Mathématiques de l'Institut des Hautes Études Scientifiques},
	author = {Deligne, Pierre},
	month = dec,
	year = {1974},
	pages = {273--307},
	file = {Full Text PDF:/Users/henrytwiss/Zotero/storage/Y6Z2XTKQ/Deligne - 1974 - La conjecture de Weil. I.pdf:application/pdf},
}

@article{lindelof1908quelques,
	title = {Quelques remarques sur la croissance de la fonction \${\textbackslash}zeta(s)\$},
	volume = {32},
	issn = {0007-4497},
	language = {French},
	journal = {Bulletin des Sciences Mathématiques. Deuxième Série},
	author = {Lindelöf, E.},
	year = {1908},
	keywords = {11M06},
	pages = {341--356},
	file = {Full Text PDF:/Users/henrytwiss/Zotero/storage/NWBA2HAV/Lindelof.pdf:application/pdf},
}

@article{euler1744variae,
	title = {Variae observationes circa series infinitas},
	url = {https://scholarlycommons.pacific.edu/euler-works/72},
	journal = {Commentarii academiae scientiarum Petropolitanae},
	author = {Euler, Leonhard},
	month = jan,
	year = {1744},
	pages = {160--188},
	file = {Full Text PDF:/Users/henrytwiss/Zotero/storage/6Z65QYRN/Euler - Variae observationes circa series infinitas.pdf:application/pdf},
}

@book{lang1987introduction,
	address = {Berlin, Heidelberg},
	series = {Grundlehren der mathematischen {Wissenschaften}},
	title = {Introduction to {Modular} {Forms}},
	volume = {222},
	copyright = {http://www.springer.com/tdm},
	isbn = {978-3-642-05716-8 978-3-642-51447-0},
	url = {http://link.springer.com/10.1007/978-3-642-51447-0},
	urldate = {2024-04-01},
	publisher = {Springer},
	author = {Lang, Serge},
	year = {1987},
	doi = {10.1007/978-3-642-51447-0},
	keywords = {derivative, Dimension, distribution, homogenization, integral, Modular form, Modulform, Riemann surface, zeta function},
	file = {Full Text PDF:/Users/henrytwiss/Zotero/storage/HFPURZM3/Lang - 1987 - Introduction to Modular Forms.pdf:application/pdf},
}

@book{iwaniec1997topics,
	address = {Providence, R.I},
	series = {Graduate studies in mathematics},
	title = {Topics in classical automorphic forms},
	isbn = {978-0-8218-0777-4},
	number = {v. 17},
	publisher = {American Mathematical Society},
	author = {Iwaniec, Henryk},
	year = {1997},
	keywords = {Automorphic forms},
	file = {Full Text PDF:/Users/henrytwiss/Zotero/storage/M6FZHIYE/Iwaniec - 1997 - Topics in Classical Automorphic Forms.pdf:application/pdf},
}

@book{motohashi1997spectral,
	address = {Cambridge},
	series = {Cambridge {Tracts} in {Mathematics}},
	title = {Spectral {Theory} of the {Riemann} {Zeta}-{Function}},
	isbn = {978-0-521-44520-7},
	url = {https://www.cambridge.org/core/books/spectral-theory-of-the-riemann-zetafunction/27D12197215750B870897A79DF1E581B},
	urldate = {2024-04-01},
	publisher = {Cambridge University Press},
	author = {Motohashi, Yoichi},
	year = {1997},
	doi = {10.1017/CBO9780511983399},
	file = {Full Text PDF:/Users/henrytwiss/Zotero/storage/QWQWJPJ7/Motohashi - 1997 - Spectral Theory of the Riemann Zeta-Function.pdf:application/pdf},
}

@book{montgomery2006multiplicative,
	address = {Cambridge},
	series = {Cambridge {Studies} in {Advanced} {Mathematics}},
	title = {Multiplicative {Number} {Theory} {I}: {Classical} {Theory}},
	isbn = {978-0-521-84903-6},
	shorttitle = {Multiplicative {Number} {Theory} {I}},
	url = {https://www.cambridge.org/core/books/multiplicative-number-theory-i/4E45519B26115AEEA4839C6C38206ACD},
	urldate = {2024-04-01},
	publisher = {Cambridge University Press},
	author = {Montgomery, Hugh L. and Vaughan, Robert C.},
	year = {2006},
	doi = {10.1017/CBO9780511618314},
	file = {Full Text PDF:/Users/henrytwiss/Zotero/storage/PNHD4468/Montgomery and Vaughan - 2006 - Multiplicative Number Theory I Classical Theory.pdf:application/pdf},
}

@book{miyake1989modular,
	address = {Berlin, Heidelberg},
	series = {Springer {Monographs} in {Mathematics}},
	title = {Modular {Forms}},
	copyright = {http://www.springer.com/tdm},
	isbn = {978-3-662-22188-4 978-3-540-29593-8},
	url = {http://link.springer.com/10.1007/3-540-29593-3},
	urldate = {2024-04-01},
	publisher = {Springer},
	author = {Miyake, Toshitsune},
	year = {1989},
	doi = {10.1007/3-540-29593-3},
	keywords = {Eichler-Selberg trace formula, Eisenstein series, Hecke operator, Hecke-Weil theory, number theory, Primitive form},
	file = {Full Text PDF:/Users/henrytwiss/Zotero/storage/ZB23XDL5/Miyake - 1989 - Modular Forms.pdf:application/pdf},
}

@book{iwaniec2002spectral,
	address = {Providence, Rhode Island},
	series = {Graduate {Studies} in {Mathematics}},
	title = {Spectral {Methods} of {Automorphic} {Forms}},
	volume = {53},
	isbn = {978-0-8218-3160-1 978-1-4704-1798-7},
	url = {http://www.ams.org/gsm/053},
	language = {en},
	urldate = {2024-04-01},
	publisher = {American Mathematical Society},
	author = {Iwaniec, Henryk},
	month = nov,
	year = {2002},
	doi = {10.1090/gsm/053},
	file = {Full Text PDF:/Users/henrytwiss/Zotero/storage/FJ8VFEMQ/Iwaniec - 2002 - Spectral Methods of Automorphic Forms.pdf:application/pdf},
}

@book{evans2022partial,
	address = {Providence, Rhode Island},
	edition = {Second edition},
	series = {Graduate studies in mathematics},
	title = {Partial differential equations},
	isbn = {978-1-4704-6942-9 978-0-8218-4974-3},
	language = {eng},
	number = {19},
	publisher = {American Mathematical Society},
	author = {Evans, Lawrence C.},
	year = {2022},
	file = {Full Text PDF:/Users/henrytwiss/Zotero/storage/W3J4D7Z4/Evans - 2022 - Partial differential equations.pdf:application/pdf},
}

@book{davenport1980multiplicative,
	address = {New York, NY},
	series = {Graduate {Texts} in {Mathematics}},
	title = {Multiplicative {Number} {Theory}},
	volume = {74},
	copyright = {http://www.springer.com/tdm},
	isbn = {978-1-4757-5929-7 978-1-4757-5927-3},
	url = {http://link.springer.com/10.1007/978-1-4757-5927-3},
	urldate = {2024-04-01},
	publisher = {Springer},
	author = {Davenport, Harold},
	year = {1980},
	doi = {10.1007/978-1-4757-5927-3},
	keywords = {arithmetic, boundary element method, Microsoft Access, Multiplikative Zahlentheorie, number theory, Prime, prime number, proof, Sieve, theorem, time},
	file = {Full Text PDF:/Users/henrytwiss/Zotero/storage/V7Q3XMH9/Davenport - 1980 - Multiplicative Number Theory.pdf:application/pdf},
}

@article{Gauss1808summatio,
	title = {Summatio quarumdam serierum singularium},
	url = {https://eudml.org/doc/203313},
	language = {LA},
	urldate = {2024-04-02},
	journal = {Gottingae (Dieterich)},
	author = {Gauss, Carl Friedrich},
	year = {1808},
	note = {Publisher: Dieterich(Gottingae)},
	file = {Full Text PDF:/Users/henrytwiss/Zotero/storage/CWE73F7C/PPN602151724.pdf:application/pdf},
}

@article{weil1948some,
	title = {On {Some} {Exponential} {Sums}},
	volume = {34},
	issn = {0027-8424},
	url = {https://www.jstor.org/stable/88420},
	number = {5},
	urldate = {2024-04-03},
	journal = {Proceedings of the National Academy of Sciences of the United States of America},
	author = {Weil, Andre},
	year = {1948},
	note = {Publisher: National Academy of Sciences},
	pages = {204--207},
	file = {JSTOR Full Text PDF:/Users/henrytwiss/Zotero/storage/W4YXJIJV/Weil - 1948 - On Some Exponential Sums.pdf:application/pdf},
}

@article{ramanujan1916certain,
	title = {On certain arithmetical functions},
	volume = {22},
	language = {en},
	number = {9},
	journal = {Transactions of the Cambridge Philosophical Society},
	author = {Ramanujan, Srinivasa},
	year = {1916},
	note = {Google-Books-ID: oTy9tQEACAAJ},
	pages = {159 -- 184},
	file = {Full Text PDF:/Users/henrytwiss/Zotero/storage/2PESINQH/Ramanujan - 1916 - On certain arithmetical functions.pdf:application/pdf},
}

@book{legendre1808essai,
	title = {Essai sur la theorie des nombres; par {A}.{M}. {Legendre}, membre de l'{Institut} et de la {Legion} d'{Honneur} ..},
	copyright = {http://creativecommons.org/publicdomain/mark/1.0/},
	url = {http://archive.org/details/bub_gb_BwcxjGuIohMC},
	language = {French},
	urldate = {2024-04-03},
	publisher = {chez Courcier, imprimeur-libraire pour les mathematiques, quai des Augustins, n° 57},
	author = {Legendre, Adrien Marie},
	collaborator = {{National Library of Naples}},
	year = {1808},
	keywords = {bub\_upload},
	file = {Full Text PDF:/Users/henrytwiss/Zotero/storage/IDIFG4AL/bub_gb_BwcxjGuIohMC.pdf:application/pdf},
}

@book{legendre1798essai,
	title = {Essai sur la théorie des nombres},
	url = {http://archive.org/details/essaisurlathor00lege},
	language = {fre},
	urldate = {2024-04-03},
	publisher = {Paris, Duprat},
	author = {Legendre, A. M. (Adrien Marie)},
	collaborator = {{Fisher - University of Toronto}},
	year = {1798},
	keywords = {Number theory},
	file = {Full Text PDF:/Users/henrytwiss/Zotero/storage/AY8TRLF8/Essai sur la théorie des nombres.pdf:application/pdf},
}

@article{hadamard1896distribution,
	title = {Sur la distribution des zéros de la fonction \${\textbackslash}zeta(s)\$ et ses conséquences arithmétiques},
	volume = {24},
	issn = {2102-622X},
	url = {http://www.numdam.org/item/?id=BSMF_1896__24__199_1},
	doi = {10.24033/bsmf.545},
	language = {en},
	urldate = {2024-04-03},
	journal = {Bulletin de la Société Mathématique de France},
	author = {Hadamard, J.},
	year = {1896},
	pages = {199--220},
	file = {Full Text PDF:/Users/henrytwiss/Zotero/storage/AQ4BSRC6/Hadamard - 1896 - Sur la distribution des zéros de la fonction \$zet.pdf:application/pdf},
}

@book{poussin1897recherches,
	title = {Recherches analytiques sur la théorie des nombres premiers},
	url = {http://archive.org/details/recherchesanaly00pousgoog},
	language = {French},
	urldate = {2024-04-03},
	publisher = {Hayez},
	author = {Poussin, Charles Jean de La Vallée},
	collaborator = {{Harvard University}},
	year = {1897},
	file = {Full Text PDF:/Users/henrytwiss/Zotero/storage/XT48GX26/recherchesanaly00pousgoog.pdf:application/pdf},
}

@article{murty2015simple,
	title = {A simple proof of the {Wiener}–{Ikehara} {Tauberian} {Theorem}},
	volume = {42},
	issn = {0723-0869},
	url = {https://www.sciencedirect.com/science/article/pii/S0723086924000379},
	doi = {10.1016/j.exmath.2024.125570},
	number = {3},
	urldate = {2024-04-03},
	journal = {Expositiones Mathematicae},
	author = {Murty, M. Ram and Sahoo, Jagannath and Vatwani, Akshaa},
	month = may,
	year = {2024},
	keywords = {Fourier analysis, Tauberian theorems, The Wiener–Ikehara theorem},
	pages = {125570},
	file = {Full Text PDF:/Users/henrytwiss/Zotero/storage/RDTFP78V/Murty et al. - 2024 - A simple proof of the Wiener–Ikehara Tauberian The.pdf:application/pdf},
}

@book{poussin1899fonction,
	title = {Sur la fonction \${\textbackslash}zeta(s)\$ de {Riemann} et le nombre des nombres premiers inferieurs à une limite donnée},
	language = {fr},
	publisher = {Hayez},
	author = {Poussin, Charles Jean de La Vallée},
	year = {1899},
	note = {Google-Books-ID: \_O0GAAAAYAAJ},
	file = {Full Text PDF:/Users/henrytwiss/Zotero/storage/YJ6F7JGE/content.pdf:application/pdf},
}

@article{hardy1916contributions,
	title = {Contributions to the theory of the riemann zeta-function and the theory of the distribution of primes},
	volume = {41},
	issn = {0001-5962, 1871-2509},
	url = {https://projecteuclid.org/journals/acta-mathematica/volume-41/issue-none/Contributions-to-the-theory-of-the-riemann-zeta-function-and/10.1007/BF02422942.full},
	doi = {10.1007/BF02422942},
	number = {none},
	urldate = {2024-04-03},
	journal = {Acta Mathematica},
	author = {Hardy, G. H. and Littlewood, J. E.},
	month = jan,
	year = {1916},
	note = {Publisher: Institut Mittag-Leffler},
	pages = {119--196},
	file = {Full Text PDF:/Users/henrytwiss/Zotero/storage/MQS2DSTU/Hardy and Littlewood - 1916 - Contributions to the theory of the riemann zeta-fu.pdf:application/pdf},
}

@article{rosser1962approximate,
	title = {Approximate formulas for some functions of prime numbers},
	volume = {6},
	issn = {0019-2082, 1945-6581},
	url = {https://projecteuclid.org/journals/illinois-journal-of-mathematics/volume-6/issue-1/Approximate-formulas-for-some-functions-of-prime-numbers/10.1215/ijm/1255631807.full},
	doi = {10.1215/ijm/1255631807},
	number = {1},
	urldate = {2024-04-03},
	journal = {Illinois Journal of Mathematics},
	author = {Rosser, J. Barkley and Schoenfeld, Lowell},
	month = mar,
	year = {1962},
	note = {Publisher: Duke University Press},
	keywords = {10.42},
	pages = {64--94},
	file = {Full Text PDF:/Users/henrytwiss/Zotero/storage/PC4RU94D/Rosser and Schoenfeld - 1962 - Approximate formulas for some functions of prime n.pdf:application/pdf},
}

@article{von1901distribution,
	title = {Sur la distribution des nombres premiers},
	volume = {24},
	issn = {0001-5962},
	url = {http://projecteuclid.org/euclid.acta/1485882091},
	doi = {10.1007/BF02403071},
	language = {en},
	number = {0},
	urldate = {2024-04-03},
	journal = {Acta Mathematica},
	author = {Koch, Helge},
	year = {1901},
	pages = {159--182},
	file = {Full Text PDF:/Users/henrytwiss/Zotero/storage/25FGQCIC/Koch - 1901 - Sur la distribution des nombres premiers.pdf:application/pdf},
}

@article{backlund1919beziehung,
	title = {Über die {Beziehung} zwischen {Anwachsen} und {Nullstellen} der {Zeta}-{Funktion}},
	volume = {61},
	number = {9},
	journal = {Ofversigt Finka Vetensk},
	author = {Backlund, R.J.},
	year = {1918},
	file = {Full Text PDf:/Users/henrytwiss/Zotero/storage/7UF4CTN6/fversigtaffins61suom.pdf:application/pdf},
}

@article{gram1903note,
	title = {Note sur les zéros de la fonction \${\textbackslash}zeta(s)\$ de {Riemann}},
	volume = {27},
	issn = {0001-5962},
	url = {http://projecteuclid.org/euclid.acta/1485882163},
	doi = {10.1007/BF02421310},
	language = {en},
	number = {0},
	urldate = {2024-04-03},
	journal = {Acta Mathematica},
	author = {Gram, J. -P.},
	year = {1903},
	pages = {289--304},
	file = {Full Text PDF:/Users/henrytwiss/Zotero/storage/YZ6PK3QS/Gram - 1903 - Note sur les zéros de la fonction ζ(s) de Riemann.pdf:application/pdf},
}

@article{mangoldt1905verteilung,
	title = {Zur {Verteilung} der {Nullstellen} der {Riemannschen} {Funktion} \${\textbackslash}gamma(t)\$},
	volume = {60},
	issn = {1432-1807},
	url = {https://doi.org/10.1007/BF01447494},
	doi = {10.1007/BF01447494},
	language = {de},
	number = {1},
	urldate = {2024-04-03},
	journal = {Mathematische Annalen},
	author = {Mangoldt, H. v.},
	month = mar,
	year = {1905},
	pages = {1--19},
	file = {Full Text PDF:/Users/henrytwiss/Zotero/storage/3UZSNDU6/v. Mangoldt - 1905 - Zur Verteilung der Nullstellen der Riemannschen Fu.pdf:application/pdf},
}

@book{debnath2002integral,
	address = {Boca Raton},
	edition = {Third edition},
	title = {Integral transforms and their applications},
	isbn = {978-1-4822-2357-6},
	publisher = {CRC Press/Taylor \& Francis Group},
	author = {Debnath, Lokenath and Bhatta, Dambaru},
	year = {2015},
	keywords = {Integral transforms, Mathematics, Textbooks},
	file = {Full Text PDF:/Users/henrytwiss/Zotero/storage/J9Z3F5XZ/Debnath and Bhatta - 2015 - Integral transforms and their applications.pdf:application/pdf},
}
