@book{iwaniec2021analytic,
  title={Analytic number theory},
  author={Iwaniec, Henryk and Kowalski, Emmanuel},
  volume={53},
  year={2021},
  publisher={American Mathematical Soc.}
}

@article{ramanujan1916certain,
  title={On certain arithmetical functions},
  author={Ramanujan, Srinivasa},
  journal={Trans. Cambridge Philos. Soc},
  volume={22},
  number={9},
  pages={159--184},
  year={1916}
}

@book{samuel2013algebraic,
  title={Algebraic Theory of Numbers: Translated from the French by Allan J. Silberger},
  author={Samuel, Pierre},
  year={2013},
  publisher={Courier Corporation}
}

@book{lang2013algebraic,
  title={Algebraic number theory},
  author={Lang, Serge},
  volume={110},
  year={2013},
  publisher={Springer Science \& Business Media}
}

@unpublished{conrad2016modular,
  author = {Conrad, Keith},
  year = {2016},
  title = {MODULAR FORMS (DRAFT, CTNT 2016)},
  note ={Connecticut Summer School in Number Theory},
}

@book{goldfeld2006automorphic,
  title={Automorphic forms and L-functions for the group GL (n, R)},
  author={Goldfeld, Dorian},
  volume={99},
  year={2006},
  publisher={Cambridge University Press}
}

@book{diamond2005first,
  title={A first course in modular forms},
  author={Diamond, Fred and Shurman, Jerry Michael},
  volume={228},
  year={2005},
  publisher={Springer}
}

@unpublished{snowden2016lectures,
  author = {Snowden, Andrew},
  year = {2016},
  title = {LECTURES 4 \& 5: POINCARE SERIES},
  note ={Learning Seminar on Borcherds products},
}

@unpublished{vaughnhecke,
  author = {Vaughn, Robert},
  title = {10 HECKE OPERATORS},
  note ={Expository material},
}

@unpublished{badinski2019petersson,
  author = {Badinski, Kai and Yin, Lang},
  title = {The Petersson Inner Product and Poincare Series},
  note ={2019, Expository material},
}

@book{apostol1998introduction,
  title={Introduction to analytic number theory},
  author={Apostol, Tom M},
  year={1998},
  publisher={Springer Science \& Business Media}
}

@book{montgomery2006topics,
  title={Topics in multiplicative number theory},
  author={Montgomery, Hugh L},
  volume={227},
  year={2006},
  publisher={Springer}
}

@book{deitmar2014principles,
  title={Principles of harmonic analysis},
  author={Deitmar, Anton and Echterhoff, Siegfried},
  year={2014},
  publisher={Springer}
}

@article{conradsl2,
  title={{$\SL_{2}(\Z)$}},
  author={Conrad, Keith},
  year = {2021},
  journal={Expository Papers, http://www. math. uconn. edu/kconrad/blurbs}
}

@book{deitmar2012automorphic,
  title={Automorphic forms},
  author={Deitmar, Anton},
  year={2012},
  publisher={Springer Science \& Business Media}
}

@book{stein2010complex,
  title={Complex analysis},
  author={Stein, Elias M and Shakarchi, Rami},
  volume={2},
  year={2010},
  publisher={Princeton University Press}
}

@book{serre2012course,
  title={A course in arithmetic},
  author={Serre, Jean-Pierre},
  volume={7},
  year={2012},
  publisher={Springer Science \& Business Media}
}

@article{riemann1859ueber,
  title={Ueber die Anzahl der Primzahlen unter einer gegebenen Grosse},
  author={Riemann, Bernhard},
  journal={Ges. Math. Werke und Wissenschaftlicher Nachla{\ss}},
  volume={2},
  number={145-155},
  pages={2},
  year={1859}
}

@book{Gauss1808,
author = {Gau\ss, Carl Friedrich},
language = {lat},
location = {Gottingae},
publisher = {Dieterich},
title = {Summatio quarumdam serierum singularium},
url = {http://eudml.org/doc/203313},
year = {1808},
}

@book{remmert2013classical,
  title={Classical topics in complex function theory},
  author={Remmert, Reinhold},
  volume={172},
  year={2013},
  publisher={Springer Science \& Business Media}
}

@book{kilford2015modular,
  title={Modular Forms: A classical and computational introduction},
  author={Kilford, Lloyd James Peter},
  year={2015},
  publisher={World Scientific Publishing Company}
}

@inproceedings{mordell1917mr,
  title={On Mr. Ramanujan’s empirical expansions of modular functions},
  author={Mordell, Louis Joel and Mr, On},
  booktitle={Proc. Cambridge Philos. Soc},
  volume={19},
  pages={117--124},
  year={1917}
}

@incollection{deligne1971formes,
  title={Formes modulaires et representations e-adiques},
  author={Deligne, Pierre},
  booktitle={S{\'e}minaire Bourbaki vol. 1968/69 Expos{\'e}s 347-363},
  pages={139--172},
  year={1971},
  publisher={Springer}
}

@article{deligne1974conjecture,
  title={La conjecture de Weil. I},
  author={Deligne, Pierre},
  journal={Publications Math{\'e}matiques de l'Institut des Hautes {\'E}tudes Scientifiques},
  volume={43},
  number={1},
  pages={273--307},
  year={1974},
  publisher={Springer}
}

@book{lindelof1908quelques,
  title={Quelques remarques sur la croissance de la fonction ${\z(s)}$},
  author={Lindelof, Ernst},
  year={1908},
  publisher={Gauthier-Villars}
}

@article{euler1737variae,
  title={Variae observationes circa series infinitas},
  author={Euler, Leonhard},
  journal={Commentarii academiae scientiarum imperialis Petropolitanae},
  volume={9},
  number={1737},
  pages={160--188},
  year={1737}
}

@article{gauss1872tafel,
  title={Tafel der Frequenz der Primzahlen},
  author={Gauss, Carl Friedrich},
  journal={Werke},
  volume={2},
  pages={436--442},
  year={1872}
}

@article{legendreessai,
  title={Essai sur la theorie de Nombres},
  author={Legendre, Adrien-Marie},
  journal={Paris Book},
  year={1798}
}

@book{legendre1808essai,
  title={Essai sur la theorie des nombres; par AM Legendre, membre de l'Institut et de la Legion d'Honneur..},
  author={Legendre, Adrien Marie},
  year={1808},
  publisher={chez Courcier, imprimeur-libraire pour les mathematiques, quai des Augustins}
}

@book{poussin1897recherches,
  title={Recherches analytiques sur la th{\'e}orie des nombres premiers},
  author={Poussin, Charles Jean de La Vall{\'e}e},
  volume={1},
  year={1897},
  publisher={Hayez}
}

@article{hadamard1896distribution,
  title={Sur la distribution des z{\'e}ros de la fonction {$\z(s)$} et ses cons{\'e}quences arithm{\'e}tiques},
  author={Hadamard, Jacques},
  journal={Bulletin de la Societ{\'e} mathematique de France},
  volume={24},
  pages={199--220},
  year={1896}
}

@article{vatwani2015simple,
  title={A simple proof of the Wiener--Ikehara Tauberian theorem},
  author={Vatwani, Akshaa},
  journal={Math. Student},
  volume={84},
  number={3-4},
  pages={127--134},
  year={2015}
}

@book{poussin1899fonction,
  title={Sur la fonction [zeta](s) de Riemann et le nombre des nombres premiers inferieurs {\`a} une limite donn{\'e}e},
  author={Poussin, Charles Jean de La Vall{\'e}e},
  volume={51},
  year={1899},
  publisher={Hayez}
}

@article{littlewood1914distribution,
  title={Sur la distribution des nombres premiers},
  author={Littlewood, John E},
  journal={CR Acad. Sci. Paris},
  volume={158},
  number={1914},
  pages={1869--1872},
  year={1914}
}

@article{rosser1962approximate,
  title={Approximate formulas for some functions of prime numbers},
  author={Rosser, J Barkley and Schoenfeld, Lowell},
  journal={Illinois Journal of Mathematics},
  volume={6},
  number={1},
  pages={64--94},
  year={1962},
  publisher={Duke University Press}
}

@article{von1901distribution,
  title={Sur la distribution des nombres premiers},
  author={Von Koch, Helge},
  journal={Acta Mathematica},
  volume={24},
  number={1},
  pages={159--182},
  year={1901},
  publisher={Springer}
}

@book{backlund1919beziehung,
  title={{\"U}ber die Beziehung zwischen Anwachsen und Nullstellen der Zetafunktion},
  author={Backlund, Ralph Joseph},
  year={1919},
  publisher={[sn]@}
}

@book{lang2012introduction,
  title={Introduction to modular forms},
  author={Lang, Serge},
  volume={222},
  year={2012},
  publisher={Springer Science \& Business Media}
}

@book{iwaniec1997topics,
  title={Topics in classical automorphic forms},
  author={Iwaniec, Henryk},
  volume={17},
  year={1997},
  publisher={American Mathematical Soc.}
}

@book{motohashi1997spectral,
  title={Spectral theory of the Riemann zeta-function},
  author={Motohashi, Yoichi},
  year={1997},
  publisher={Cambridge University Press}
}

@book{debnath2016integral,
  title={Integral transforms and their applications},
  author={Debnath, Lokenath and Bhatta, Dambaru},
  year={2016},
  publisher={Chapman and Hall/CRC}
}

@book{montgomery2007multiplicative,
  title={Multiplicative number theory I: Classical theory},
  author={Montgomery, Hugh L and Vaughan, Robert C},
  year={2007},
  publisher={Cambridge university press}
}

@article{chudakov1938functions,
  title={On the functions $\zeta$ (s) and $\pi$ (x) CR Acad},
  author={Chudakov, NG},
  journal={Sci. USSR, NS},
  volume={21},
  pages={421--422},
  year={1938}
}

@inproceedings{littlewood1922researches,
  title={Researches in the theory of the Riemann $\zeta$-function},
  author={Littlewood, John E},
  booktitle={Proc. London Math. Soc.(2)},
  volume={20},
  pages={22--28},
  year={1922}
}

@article{vinogradov1958new,
  title={A new estimate of the function $\zeta$(1+it)},
  author={Vinogradov, Ivan Matveevich},
  journal={Izvestiya Rossiiskoi Akademii Nauk. Seriya Matematicheskaya},
  volume={22},
  number={2},
  pages={161--164},
  year={1958},
  publisher={Russian Academy of Sciences, Steklov Mathematical Institute of Russian~…}
}

@article{weil1948some,
  title={On some exponential sums},
  author={Weil, Andr{\'e}},
  journal={Proceedings of the National Academy of Sciences},
  volume={34},
  number={5},
  pages={204--207},
  year={1948},
  publisher={National Acad Sciences}
}

@article{hoffstein1985eisenstein,
  title={Eisenstein series of 1/2-integral weight and the mean value of real Dirichlet L-series.},
  author={Hoffstein, Jeffrey and Goldfeld, Dorian},
  journal={Inventiones mathematicae},
  volume={80},
  pages={185--208},
  year={1985}
}

@inproceedings{shimura1973modular,
  title={Modular forms of half integral weight},
  author={Shimura, Goro},
  booktitle={Modular Functions of One Variable I: Proceedings International Summer School University of Antwerp, RUCA July 17--August 3, 1972},
  pages={57--74},
  year={1973},
  organization={Springer}
}

@article{shimura1975holomorphy,
  title={On the holomorphy of certain Dirichlet series},
  author={Shimura, Goro},
  journal={Proceedings of the London mathematical society},
  volume={3},
  number={1},
  pages={79--98},
  year={1975},
  publisher={Wiley Online Library}
}

@inproceedings{maass1937konstruktion,
  title={Konstruktion ganzer modulformen halbzahliger dimension mit $\vartheta$-multiplikatoren in einer und zwei variabein},
  author={Maass, Hans},
  booktitle={Abhandlungen aus dem Mathematischen Seminar der Universit{\"a}t Hamburg},
  volume={12},
  pages={133--162},
  year={1937},
  organization={Springer}
}

@article{van1986zeros,
  title={On the zeros of the Riemann zeta function in the critical strip. IV},
  author={Van de Lune, Jan and te Riele, Herman JJ and Winter, Dik T},
  journal={Mathematics of Computation},
  volume={46},
  number={174},
  pages={667--681},
  year={1986}
}

@article{conrey1989more,
  title={More than two fifths of the zeros of the Riemann zeta function are on the critical line.},
  author={Conrey, J Brian},
  journal={American Institute of Mathematics},
  year={1989},
  publisher={Walter de Gruyter, Berlin/New York Berlin, New York}
}

@book{miyake2006modular,
  title={Modular forms},
  author={Miyake, Toshitsune},
  year={2006},
  publisher={Springer Science \& Business Media}
}

@article{mangoldt1905verteilung,
  title={Zur Verteilung der Nullstellen der Riemannschen Funktion........},
  author={Mangoldt, H von},
  journal={Mathematische Annalen},
  volume={61},
  pages={1--19},
  year={1905}
}

@article{gram1903note,
  title={Note sur les z{\'e}ros de la fonction de Riemann},
  author={Gram, JP},
  journal={Acta Math},
  volume={27},
  pages={289--304},
  year={1903}
}

@book{iwaniec2021spectral,
  title={Spectral methods of automorphic forms},
  author={Iwaniec, Henryk},
  volume={53},
  year={2021},
  publisher={American Mathematical Society, Revista Matem{\'a}tica Iberoamericana (RMI~…}
}

@book{evans2022partial,
  title={Partial differential equations},
  author={Evans, Lawrence C},
  volume={19},
  year={2022},
  publisher={American Mathematical Society}
}

@book{davenport2013multiplicative,
  title={Multiplicative number theory},
  author={Davenport, Harold},
  volume={74},
  year={2013},
  publisher={Springer Science \& Business Media}
}