
@book{humphreys1972introduction,
	location = {New York},
	title = {Introduction to Lie algebras and representation theory},
	isbn = {978-0-387-90053-7 978-0-387-90052-0},
	series = {Graduate texts in mathematics},
	pagetotal = {169},
	number = {9},
	publisher = {Springer-Verlag},
	author = {Humphreys, James E.},
	date = {1972},
	keywords = {Lie algebras, Representations of groups, Representations of Lie algebras},
	file = {Full Text PDF:/Users/henrytwiss/Zotero/storage/U7TSURPR/Humphreys - 1972 - Introduction to Lie algebras and representation th.pdf:application/pdf},
}
